1856 2889
260 207 305 245 18
1108 232 1111 236 -
1409 192 1569 263 '0⁷23
1611 239 1642 264 2.

375 304 500 344 Quodsi
526 305 669 340 carmina
694 304 755 345 illa,
782 314 917 350 quorum
945 302 1192 348 compositionis
1218 307 1347 349 tempus
1365 300 1491 338 deliniri
1515 294 1564 350 po*
1588 342 1590 344 ,

260 363 462 411 respicimus,
488 363 648 406 videmus,
675 374 713 398 ea
739 362 820 398 intra
847 373 874 398 a.
902 360 1103 398 724—754.
1131 361 1247 408 scripta
1291 373 1392 410 esse;
1432 358 1494 409 qua
1514 354 1578 397 sex'
1595 354 1664 409 ἐξ

260 422 410 462 efficitur,
436 422 603 456 Horatium
629 421 726 455 finitis
751 420 843 455 bellis
871 421 1016 467 civilibus
1042 425 1075 455 et
1099 430 1180 467 pace
1220 421 1406 455 confirmata
1449 421 1480 455 in
1505 416 1612 470 lyrica'

262 480 378 524 poesin
405 479 592 514 incubuisse
619 485 650 513 et
675 484 739 512 tum
768 479 898 513 demum
924 477 975 511 vel
1000 478 1151 513 iuvenum
1179 490 1280 519 curaS,
1318 479 1440 524 proelia
1481 479 1640 525 virginum
1687 504 1715 513 2

262 544 293 572 et
319 539 463 573 convivia
492 539 659 579 cecinisse,
688 537 736 571 vel
763 538 876 571 laudes
904 537 1026 583 egregii
1046 526 1192 571 Caesaris
1208 537 1401 571 carminibus
1421 529 1634 572 celebrasse.)

334 641 338 644 ι
376 597 437 631 lam
465 598 664 640 singulorum
690 598 866 630 carminum
893 601 1040 642 tempore
1067 595 1199 629 delinito
1227 600 1335 635 restat,
1362 600 1396 628 ut
1422 607 1542 630 annum
1564 601 1639 631 sta-

272 660 369 696 tuam,
395 668 460 702 quo
486 661 552 689 tres
578 655 705 701 priores
732 656 908 689 carminum
933 655 1002 689 libri
1028 654 1106 688 editi
1138 656 1212 690 sint.
1611 647 1615 650 ⁴

375 713 509 747 Veteres
536 713 575 747 de
601 718 748 758 tempore
775 714 852 747 nihil
879 718 1134 748 commemorant
1159 719 1287 759 praeter
1328 713 1400 755 hoc,
1427 714 1513 759 quod
1543 712 1641 748 Sue--
1692 743 1694 746 ,
1726 755 1732 759 ,

260 771 367 805 tonius
394 772 570 805 memoriae
596 772 733 812 tradidit,
761 771 861 806 tribus
889 772 1066 805 carminum
1092 772 1180 805 libris
1206 771 1305 817 longo
1333 771 1500 805 intervallo
1527 771 1634 806 inter-

258 829 344 863 iceto
370 833 516 875 quartum
545 840 620 863 esse
647 829 802 865 additum.

373 886 590 921 Recentioros
615 891 721 921 autem
748 887 779 920 in
807 887 994 921 definiendo
1038 899 1125 921 anno
1167 888 1199 921 in
1238 886 1382 921 diversas
1417 891 1527 934 partes
1565 887 1638 922 dis—

257 945 388 980 cedunt.
1647 994 1650 995 .

375 1004 534 1038 Frankius
560 1005 686 1050 priores
712 1010 778 1038 tres
805 1005 982 1039 carminum
1011 1004 1110 1038 libros
1146 1015 1231 1037 anno
1273 1004 1366 1045 731.,
1404 1003 1640 1038 Walkenaerus

256 1073 342 1096 anno
371 1062 461 1104 734,
486 1062 633 1109 plerique
660 1074 746 1096 anno
775 1062 854 1099 736.
882 1062 988 1097 editos
1016 1074 1090 1097 csse
1117 1067 1242 1108 putant.

373 1120 451 1154 Cum
479 1127 585 1155 autern
613 1122 752 1156 carmina
779 1122 810 1162 ll,
835 1123 868 1157 9.
937 1122 1031 1165 „Non
1067 1133 1197 1167 semper
1223 1121 1364 1156 imbres“
1392 1121 1424 1161 ll,
1452 1121 1508 1158 13.
1560 1121 1639 1163 „llle

257 1183 287 1212 ct
314 1178 465 1212 nefasto¹¹
491 1178 522 1219 ll,
551 1179 697 1223 17.„Cur
722 1191 773 1213 me
800 1179 961 1225 querelis¹'
988 1179 1028 1219 ΙΙΙ,
1056 1180 1089 1215 8.
1137 1179 1276 1223 „Martiis
1303 1179 1453 1213 caelebs‘¹
1499 1179 1552 1221 Ill,
1578 1176 1636 1215 29.

259 1236 445 1282 „Tyrrhena
474 1241 610 1283 regumu
639 1244 715 1284 post
741 1250 859 1272 annum
887 1238 975 1278 731,
1006 1243 1039 1271 ut
1064 1238 1123 1271 iam
1152 1239 1413 1279 commemoravi,
1448 1239 1628 1284 composita

256 1295 332 1335 sint,
359 1296 504 1340 sequitur
529 1307 567 1328 ex
595 1307 632 1329 ea
659 1308 702 1336 re,
731 1301 795 1329 tres
820 1296 948 1340 priores
975 1296 1149 1328 carminum
1177 1295 1276 1328 libros
1302 1307 1388 1329 anno
1416 1297 1496 1331 731.
1524 1296 1633 1330 editos

256 1363 323 1386 non
350 1364 434 1387 esse.

371 1411 416 1444 De
443 1423 528 1445 anno
556 1413 635 1448 736.
664 1417 781 1452 autem,
809 1424 872 1457 quo
901 1413 1045 1458 plerique
1073 1413 1212 1446 maxime
1253 1417 1387 1457 propter
1412 1411 1533 1456 Virgilii
1576 1413 1638 1446 iter

258 1469 398 1503 Atticum
425 1470 540 1518 (carm.
567 1470 586 1509 l,
612 1468 662 1510 3.)
688 1476 753 1504 tres
780 1470 905 1516 priores
933 1471 1108 1505 carminum
1134 1471 1234 1505 libros
1263 1471 1369 1504 editos
1412 1481 1487 1504 esse
1513 1474 1639 1516 putant,

257 1528 389 1572 eogitari
417 1529 538 1574 nequit.
565 1528 643 1562 Nam
671 1541 734 1574 quo
752 1540 837 1562 anno
852 1533 968 1574 po'ema
993 1530 1068 1563 illud
1081 1530 1295 1574 compositum
1323 1530 1372 1568 sit,
1398 1540 1459 1562 nos
1473 1529 1573 1569 latet;
1607 1530 1637 1562 id

256 1585 360 1619 solum
405 1585 554 1620 affirmari
592 1591 723 1632 potest,
766 1599 895 1622 carmen
938 1588 957 1628 l,
984 1588 1016 1623 3.
1054 1599 1138 1621 anno
1167 1588 1246 1623 735.
1274 1588 1427 1632 scriptum
1454 1597 1521 1620 non
1549 1598 1647 1622 esse.-

259 1644 349 1683 Quae
377 1645 461 1678 enini
490 1645 530 1678 de
556 1645 670 1679 itinere
697 1657 783 1679 anno
811 1647 892 1682 735.
920 1659 935 1679 a
963 1646 1093 1691 Virgilio
1133 1647 1163 1679 in
1191 1645 1354 1679 Graeciam
1382 1650 1536 1690 suscepto
1563 1657 1639 1679 me-

255 1701 375 1735 moriae
392 1702 511 1735 tradita
537 1707 621 1742 sunt,
648 1714 685 1736 ea
713 1715 784 1736 cum
812 1709 1002 1748 argumento
1030 1704 1179 1736 carminis
1205 1703 1224 1743 l,
1242 1703 1275 1737 3.
1292 1702 1420 1736 minime
1441 1707 1636 1748 congruunt.

371 1759 507 1793 Constat
548 1761 644 1801 enim,
688 1760 851 1805 Virgilium
879 1772 965 1794 anno
994 1760 1072 1796 735.
1100 1761 1130 1794 in
1159 1756 1320 1794 Graeciam
1346 1760 1526 1806 profectum
1554 1771 1638 1802 esse,

260 1822 293 1850 ut
340 1817 477 1851 Aeneidi
515 1817 657 1850 ultimam
705 1829 833 1851 manum
874 1820 1067 1863 imponeret.
1118 1818 1241 1857 Quodsi
1279 1818 1428 1852 lion-atius
1468 1819 1529 1853 iter
1563 1819 1639 1852 illud

258 1875 468 1921 respexisset,
512 1876 690 1909 certissime
733 1876 899 1911 Aeneidos
939 1878 1137 1911 mentionem
1182 1877 1339 1917 secisset;
1378 1877 1427 1910 vix
1460 1878 1544 1911 enim
1589 1881 1641 1911 est

253 1933 464 1972 credendum,
491 1936 620 1978 poetam
646 1939 791 1967 nostrum
819 1934 859 1968 de
887 1946 986 1979 opere
1013 1935 1065 1967 illo
1092 1937 1268 1979 praeclaro,
1296 1935 1496 1981 quodquam
1516 1935 1637 1969 arden-

252 1990 382 2032 tissime
410 1992 665 2036 exspectabatur,
692 1993 880 2038 praesertim
909 2004 980 2025 cum
1009 1993 1071 2025 iam
1098 1992 1216 2038 singuli
1242 1992 1312 2026 libri
1339 1993 1411 2026 noti
1454 1998 1567 2027 essent
1605 1997 1637 2026 et

254 2060 378 2084 summa
405 2050 614 2086 admiratione
642 2051 810 2085 Romanos
836 2045 1033 2091 affecissent,
1062 2051 1194 2084 omnino
1220 2052 1375 2086 tacuisse.

369 2106 448 2140 Cum
475 2108 571 2153 igitur
590 2097 743 2142 ¹Horatius
771 2109 890 2143 nullam
918 2110 1000 2143 illius
1027 2109 1176 2142 carminis
1196 2108 1278 2154 epici
1303 2108 1501 2142 mentionem
1530 2108 1636 2148 faeiat,
1680 2102 1683 2105 ¹

252 2166 398 2212 sequitur
423 2177 463 2200 ex
490 2178 525 2201 ea
554 2178 596 2208 re,
625 2179 753 2202 carmen
780 2168 800 2208 l,
826 2169 859 2204 3.
888 2169 1093 2213 nequaquam
1120 2167 1158 2200 ad
1185 2167 1245 2200 iter
1271 2177 1356 2200 anno
1385 2165 1466 2202 735.
1495 2177 1636 2211 suscep—

250 2230 327 2263 tum,
354 2223 412 2257 scd
440 2224 480 2257 ad
507 2227 566 2258 iter
593 2225 654 2258 alio
682 2212 873 2270 tempore'a
900 2225 1031 2270 Virgilio
1060 2224 1177 2257 factum
1205 2228 1367 2268 spect-are.
1650 2223 1652 2225 ’

365 2282 472 2328 Atque
498 2294 596 2328 porro
626 2282 791 2328 Virgilium
819 2294 905 2316 anno
935 2282 1014 2318 735.
1042 2281 1126 2316 'diem
1160 2293 1344 2327 supremum
1385 2281 1507 2315 obiisse
1549 2292 1636 2315 con>-

252 2345 326 2375 stat.
353 2340 477 2379 Quodsi
503 2341 652 2375 Horatius
676 2348 741 2374 tres
768 2342 894 2386 priores
920 2340 1095 2374 carminum
1121 2340 1220 2373 libros
1249 2351 1333 2373 anuo
1354 2340 1432 2375 736.
1461 2339 1629 2379 edidisset,

215 2394 219 2399 ’
253 2402 339 2430 certe
366 2402 506 2432 mortem
533 2397 663 2443 Virgilii,
691 2409 787 2443 quem
813 2398 919 2431 vivum
960 2398 1053 2432 valde
1080 2398 1240 2443 diligebat,
1278 2402 1569 2438 commemorasset
1595 2402 1628 2431 et

209 2460 216 2465 “
251 2455 386 2488 amicum
414 2466 521 2501 nuper
545 2460 706 2489 mortuum
733 2467 819 2490 novo
846 2456 952 2502 aliquo
981 2457 1121 2491 carmine
1149 2456 1360 2490 celebrasset.

364 2522 528 2557 Horatium
571 2523 655 2557 enim
695 2529 802 2571 atque!
829 2524 992 2571 Virgilium
1037 2525 1162 2560 sincera
1206 2529 1301 2571 utque
1341 2525 1453 2559 intima
1497 2522 1635 2558 amicitia

249 2580 442 2616 coniunctos
470 2581 571 2616 fuisse
597 2587 687 2629 patet
713 2596 730 2617 e
756 2596 786 2621 v,
813 2595 913 2621 earm.
939 2583 958 2625 l,
987 2587 1018 2625 3,
1044 2583 1102 2621 ’ἃς
