1856 2889
791 389 798 396 .
1050 367 1144 397 Arma

615 414 757 444 Nondum
778 415 909 453 expiatis
929 418 1022 444 uncta
1044 415 1229 452 cruoribus‚“

366 502 451 538 udus
478 507 538 536 cst.
591 501 669 534 Nam
697 507 730 535 ut
757 514 774 535 e
800 514 830 536 v.
857 501 915 536 29.
944 502 1026 546 „Cui
1052 502 1158 535 dabitu
1186 507 1250 538 etc.
1265 500 1480 536 concludere'
1466 503 1594 549 potui-

362 555 401 595 ΕΩ
425 557 521 592 verba
548 569 614 591 non
641 558 742 591 multo
768 563 844 603 post
869 569 1010 603 pugnam
1056 559 1217 593 Actiacam
1262 560 1379 604 scripta
1421 570 1507 600 esse,
1551 561 1592 594 ita

320 602 434 654 fflhuius
460 616 610 650 carmiriis
638 627 746 659 „arma
772 616 916 650 nondum
944 616 1077 661 expiatis
1104 621 1201 651 uncta
1227 617 1415 651 cruoribusu
1446 618 1485 651 ad
1511 629 1596 654 ean-

318 662 459 710 totamm
485 677 637 718 spectare
663 673 823 708 videntur

330 724 400 765 Hu'c
426 730 559 771 accedit,
586 730 675 777 quod
703 742 731 764 v.
760 728 817 765 29.
847 741 896 776 sq
925 729 1024 774 „Quis
1057 741 1122 764 non
1163 731 1277 766 Latino
1319 733 1478 777 sanguine
1519 733 1598 779 pin-

266 823 302 835 ,Δ
354 790 527 823 ‘denotatur
552 793 690 835 tompus,
718 789 804 834 quod
834 788 968 834 plurima
998 792 1095 834 atque
1121 790 1318 823 atrocissima
1366 791 1448 824 bella
1491 791 1596 824 civilia

268 849 466 887 ecesserant,
493 857 575 893 quae
601 846 796 893 reipublicae
822 846 988 880 Romanae
1014 857 1168 892 magnum
1194 847 1346 881 damnum
1373 848 1556 884 attulerant.

327 906 476 952 Denique
502 917 585 950 opus
612 906 698 946 illud,
725 905 812 952 quod
840 905 944 939 Pollio
971 910 1038 938 tum
1064 905 1300 950 conscribebat,
1341 911 1375 940 et
1399 918 1463 953 quo
1509 906 1596 942 bella

264 963 317 1006 'lia
349 974 503 998 enarrare
541 963 703 1005 studebat,
744 964 892 998 Horatius
922 962 1155 1008 „periculosae
1192 963 1324 1008 plenum
1366 975 1449 1009 opus
1475 963 1588 998 aleae‘¹

214 1015 275 1077 ζμ.
280 1016 352 1068 36.)
377 1021 517 1067 apPellat
554 1026 586 1054 ct
619 1021 704 1055 illum
748 1033 807 1067 per
848 1021 940 1066 ignes
976 1020 1073 1054 cineri
1116 1020 1232 1055 doloso
1272 1021 1461 1067 suppositos
1503 1023 1599 1056 ince-

208 1079 403 1123 §etv-edicit.

328 1136 384 1170 His
409 1132 515 1170 verbis
542 1140 647 1169 autem
674 1139 770 1181 poeta
798 1140 909 1169 noster
934 1140 999 1169 tum
1026 1136 1069 1169 uti
1106 1136 1219 1181 potuit,
1247 1146 1317 1169 cum
1347 1135 1499 1175 Antonio,
1544 1136 1598 1182 qui

264 1190 355 1229 ilioni
381 1187 517 1233 favebat,
544 1194 672 1228 devicto
699 1193 891 1231 Octavianus
917 1206 1021 1228 rerum
1047 1194 1168 1239 potitus
1194 1199 1254 1227 est.

255 1246 258 1250 ’
332 1251 418 1286 Nam
446 1263 530 1298 opus
574 1252 756 1285 huiusmodi
797 1252 938 1286 scribere
980 1252 1166 1297 praesertim
1210 1250 1262 1284 illo
1305 1256 1463 1296 tempore,
1506 1252 1595 1298 quod

158 1299 360 1357 J'ptoxime
386 1309 496 1343 aberat
521 1320 537 1342 a
563 1321 671 1354 pugna
698 1309 838 1349 Actiaca,
866 1310 956 1343 valde
982 1310 1199 1355 periculosum
1225 1313 1302 1343 erat.

228 1366 235 1371 “
268 1373 276 1378 ’
327 1366 373 1400 Ex
398 1366 458 1407 his,
485 1378 569 1413 quae
598 1367 696 1408 attuli,
722 1367 815 1413 sequi
843 1367 987 1408 arbitror,
1031 1378 1161 1401 carmen
1200 1370 1345 1400 nostrum
1385 1377 1471 1400 anno
1512 1367 1596 1404 7⁶25.

213 1423 430 1471 compositum
457 1435 545 1460 esse.

762 1499 952 1532 Carmen
974 1500 1035 1539 11,
1056 1500 1098 1532 2.

780 1558 908 1595 „Nullus
928 1560 1074 1597 argeuto“

212 1648 366 1695 scriptum
392 1653 443 1682 est
469 1653 543 1682 ante
569 1658 688 1681 annum
715 1647 796 1684 752.

236 1706 238 1709 ’
291 1705 452 1741 Laudat
477 1705 564 1738 enim
593 1704 743 1737 Horatius
776 1716 804 1740 v.
848 1706 881 1739 5.
920 1716 969 1750 sq.
997 1701 1239 1744 Proculeium,
1264 1704 1354 1737 cuius
1396 1703 1593 1738 mentionem

159 1774 186 1815 ,τμη
212 1753 281 1797 'non
310 1762 451 1804 fecisset,
478 1763 506 1796 si
532 1773 660 1796 carmen
688 1773 773 1795 anno
801 1761 882 1798 752.
909 1762 1111 1807 scripsisset,
1155 1773 1218 1809 quo
1262 1761 1374 1795 Fannii
1416 1760 1593 1808 Caepionis

169 1819 179 1830 ‘³
211 1826 257 1867 μιν
285 1820 397 1854 Licinii
451 1820 621 1854 Muraenae
641 1847 648 1860 ,
682 1821 829 1854 Proculei
870 1820 995 1860 fratris,
1036 1820 1214 1854 coniuratio
1258 1823 1370 1853 contra
1408 1818 1590 1864 Augustum

212 1872 348 1926 detecta
365 1883 423 1913 est.
475 1878 623 1912 Velleius
649 1879 681 1918 2,
708 1877 766 1915 91.

329 1936 502 1970 Praeterea
548 1947 566 1970 e
593 1936 728 1970 verbis:
770 1935 962 1980 „Redditum
1003 1935 1075 1981 Cyri
1108 1936 1190 1970 solio
1233 1933 1590 1981 Phraaten“(V.1'I-)

217 1999 316 2047 patet,
342 1995 406 2029 boc
445 2005 574 2029 carmen
613 1998 681 2029 tum
723 1995 875 2041 scriptum
917 2006 1002 2035 esse,
1029 2006 1101 2029 curn
1139 1994 1291 2029 Phraates
1331 1993 1364 2027 in
1401 1992 1593 2027 Parthorum

211 2061 355 2099 regnum
383 2053 550 2087 restitutus
577 2059 639 2088 est.

251 2118 253 2121 '
328 2110 485 2160 Redditus
524 2114 591 2144 erat
629 2114 734 2143 autem
761 2109 914 2143 Phraates
940 2109 1011 2155 Cyri
1037 2090 1120 2143 solio
1146 2120 1231 2143 anno
1241 2107 1350 2160 730„
1377 2120 1476 2156 quare
1517 2124 1597 2148 car-

208 2159 287 2231 meri
308 2158 463 2203 nostrum
491 2168 530 2202 ad
558 2167 697 2202 eundem
725 2179 844 2202 annum
872 2168 1079 2202 referendum
1104 2172 1167 2202 est.

734 2270 929 2304 Carmen
948 2270 1009 2309 11,
1029 2270 1071 2303 4.

755 2328 819 2365 „Ne
839 2329 881 2357 sit
901 2327 1050 2357 ancillae“

234 2405 237 2407 .
270 2417 371 2467 iptum
397 2422 457 2459 est,
483 2422 518 2451 ut
543 2428 586 2452 ex
611 2429 640 2453 ν.
666 2418 724 2453 23.
751 2428 801 2464 sq.
827 2416 1029 2462 intellegitur,
1055 2418 1225 2461 postquam
1261 2419 1363 2461 poeta
1407 2418 1596 2466 quadrage-

209 2474 329 2527 ”qim
353 2475 466 2510 aetatis
492 2487 613 2510 annum
638 2476 757 2521 exegit.
810 2475 909 2510 Natus
935 2479 986 2526 est
1002 2477 1118 2517 autem
1146 2473 1296 2514 Horatius
1334 2474 1391 2515 Vl.
1439 2478 1483 2514 ld.
1524 2478 1595 2517 Dc?

1597 2220 1600 2224 .
1627 2075 1649 2188 l
