1856 2889
771 500 963 535 carmen
982 502 1044 541 111,
1066 504 1133 536 25.

754 560 837 597 „Quo
857 570 906 591 me
925 561 1046 592 Bacche
1066 564 1164 600 rapis“

258 659 345 682 anno
372 648 452 684 725.
479 647 696 693 compositum
723 659 798 682 esse
823 649 961 685 videtur.
999 650 1168 684 Meditatur
1193 651 1278 684 enim
1301 655 1397 696 poeta
1424 651 1633 685 Octavianum

253 706 301 742 ,ob
326 705 578 754 magnitudinem
604 717 710 741 rerum
750 711 912 754 gestarum
956 708 1079 751 „stellis
1118 709 1263 744 inserere
1290 714 1323 744 et
1347 709 1484 744 consilio
1524 709 1632 744 lovis*

165 754 173 793 f
258 764 309 814 (v.
333 766 369 803 4.
396 771 429 800 et
451 763 503 812 5.)
527 765 593 800 hoc
620 771 671 800 est
696 765 736 800 ad
762 765 843 800 deos
868 766 1065 801 immortales
1091 767 1215 802 efferre.

241 816 246 821 ’
375 823 500 864 Quodsi
525 823 768 871 investigamus,
795 824 845 858 eui
869 829 1007 872 tempori
1031 825 1113 860 haec
1136 826 1232 860 verba
1271 827 1390 872 optime
1427 826 1636 868 conveniant,

258 882 423 929 aptissime
449 893 524 917 sese
549 882 643 917 nobis
670 881 766 917 offert
791 894 894 918 annus
922 882 999 920 725.

373 940 454 975 Nam
481 952 553 976 cum
579 946 691 976 notum
719 942 761 976 sit
802 940 978 984 Octaviano
1020 954 1107 976 anno
1151 941 1230 981 725.
1269 943 1413 978 honores
1455 944 1581 987 divinos
1617 955 1636 977 a

228 1001 234 1018 f
257 998 374 1033 senatu
401 999 442 1034 ita
468 999 619 1049 decretos
648 1000 757 1041 fuisse,
783 1004 818 1034 ut
842 1000 875 1034 in
899 999 1038 1045 hymnos
1064 1011 1185 1034 nomen
1227 1000 1296 1034 eius
1339 1001 1518 1036 referretur
1558 1000 1636 1048 (Dio

201 1062 203 1066 ’
258 1055 390 1092 Cassius
415 1059 471 1100 51,
499 1059 543 1095 19
572 1064 605 1093 et
629 1057 707 1106 20),
732 1059 903 1094 verisimile
929 1064 996 1100 est,
1021 1058 1129 1093 Horati
1139 1070 1202 1093 ium
1231 1058 1314 1093 illam
1357 1059 1398 1094 ob
1425 1068 1554 1094 causam
1597 1059 1637 1094 ad

259 1115 324 1151 hoc
347 1128 476 1152 carmen
503 1119 766 1164 componendum
792 1119 986 1155 accessisse.

617 1222 672 1254 nt
691 1224 868 1263 tempus
889 1223 1105 1256 carminis
1125 1222 1191 1261 111,
1211 1222 1282 1255 29.

786 1282 960 1320 „Tyn-hena
978 1282 1101 1319 regum“

258 1370 384 1405 definiri
409 1371 521 1416 possit,
548 1370 757 1416 comparandi
782 1375 857 1405 sunt
882 1382 995 1405 versus
1020 1370 1079 1406 25.
1106 1374 1139 1404 et
1162 1371 1218 1406 26.
1245 1369 1339 1403 huius
1367 1370 1542 1405 carminis:

606 1477 668 1513 „Tu
689 1477 845 1506 civitatem
865 1476 933 1515 quis
954 1476 1063 1506 deceat
1083 1478 1180 1506 status

603 1525 700 1556 Cures
721 1527 751 1555 et
771 1525 841 1554 urbi
861 1525 1012 1556 sollicitus
1033 1525 1152 1554 times.“

246 1607 332 1657 'oum
358 1635 386 1659 v.
416 1623 470 1659 17.
498 1623 647 1658 carminis
673 1623 719 1664 111,
746 1623 805 1660 8.:

662 1720 767 1757 „Mitte
789 1718 896 1749 civiles
917 1729 1008 1758 super
1028 1719 1102 1748 urbe
1123 1720 1238 1749 curas!

260 1816 314 1852 His
339 1818 506 1865 utriusque
533 1817 683 1852 carminis
708 1817 856 1853 versibus
882 1828 947 1852 una
975 1817 1157 1864 eademque
1183 1828 1246 1858 res,
1274 1815 1361 1851 urbis
1398 1828 1472 1851 cura
1497 1816 1630 1852 Maece-

258 1875 324 1910 nati
347 1876 530 1917 commissa,
557 1875 756 1922 exprimitur.
807 1875 913 1915 Quam
938 1875 980 1910 ob
1008 1887 1077 1910 rem
1103 1875 1243 1910 carmina
1283 1874 1335 1909 illa
1375 1879 1522 1920 tempore
1565 1886 1632 1909 non

255 1929 394 1968 'multum
420 1933 504 1968 inter
528 1943 565 1968 se
592 1932 720 1967 distant.

375 1990 455 2026 Cum
481 1995 588 2027 autem
614 2002 744 2027 carmen
769 1989 815 2033 lli,
837 1990 872 2028 8.
899 1990 941 2026 ad
954 2002 1074 2026 annum
1090 1989 1170 2027 734.
1195 1989 1399 2025 referendum
1414 1988 1464 2031 sit,
1489 1990 1636 2037 sequitur

258 2059 298 2083 ex
323 2059 363 2083 ea
385 2060 429 2089 re,
455 2060 587 2084 carmen
612 2048 657 2089 ΙΙΙ,
683 2046 742 2083 29.
768 2052 823 2082 aut
848 2047 968 2082 eodem
993 2058 1079 2082 anno
1105 2052 1161 2081 aut
1183 2047 1281 2093 paulo
1308 2051 1382 2081 ante
1398 2047 1485 2081 hune
1511 2058 1637 2099 annum

204 2099 208 2102 ’
258 2106 475 2153 compositum
501 2117 585 2148 esse,
611 2105 805 2152 praesertim
831 2106 906 2153 quia
930 2110 1068 2148 constat,
1094 2104 1303 2140 Octavianum
1344 2115 1429 2139 anno
1475 2103 1579 2142 733„
1601 2104 1634 2139 in

258 2163 436 2205 Graeciam,
461 2164 537 2198 hinc
562 2164 695 2198 Samum
719 2163 892 2209 navigasse
920 2163 1030 2210 ibique
1067 2163 1232 2197 hiemasse
1273 2167 1369 2209 atque
1410 2159 1633 2197 Maecenatem

260 2221 315 2256 iilo
341 2225 490 2268 tempore
514 2221 651 2267 Augusti
676 2219 818 2267 partibus
845 2220 989 2256 functum
1015 2231 1102 2257 esse.

353 2280 517 2316 Confectis
531 2280 631 2315 tribus
643 2280 820 2317 carminum
834 2278 922 2315 libris
934 2278 1092 2320 Horatius,
1110 2283 1282 2326 antequam
1299 2289 1360 2313 eos
1375 2278 1488 2320 edidit,
1505 2284 1637 2314 carmen

225 2337 233 2343 ”
257 2338 278 2380 Ι,
307 2340 352 2380 1.,
379 2338 571 2383 „Maecenas
600 2338 720 2372 atavis¹¹
747 2337 886 2385 prologi,
912 2337 1030 2372 deinde
1056 2340 1186 2372 carmen
1210 2336 1255 2378 ΙΙΙ,
1279 2337 1341 2373 30.
1367 2335 1490 2383 „Exegi
1514 2347 1637 2372 monu-

257 2398 429 2432 mentum¹¹
459 2397 579 2445 epilogi
604 2397 680 2432 loco
708 2398 902 2450 composuit.
952 2398 992 2432 Et
1033 2397 1105 2443 quia
1131 2396 1204 2430 illos
1227 2401 1295 2430 tres
1318 2396 1495 2431 carminum
1533 2395 1633 2430 libros

255 2468 343 2496 anno
370 2456 461 2499 734„
487 2462 522 2491 ut
546 2457 656 2492 statim
681 2456 922 2498 demonstrabo,
948 2456 1055 2492 editos
1082 2467 1156 2491 esse
1175 2460 1266 2502 puto,
1294 2454 1335 2490 ad
1349 2450 1494 2491 eundem
1519 2465 1639 2489 annum

165 2510 173 2540 ἶ
194 2550 213 2555 .,
257 2527 387 2554 carmen
411 2515 432 2558 l,
461 2515 492 2553 Ι.
518 2521 552 2552 et
576 2528 707 2553 carmen
731 2517 776 2559 ΙΙΙ,
800 2517 858 2555 30.
881 2516 1004 2553 refero.
1572 2508 1582 2511 ’
